@book{malware_definition,
    title = {A Dictionary of Computer Science (7 ed.)},
    author = {Andrew Butterfield, Gerard Ekembe Ngondi, Anne Kerr},
    isbn = {9780199688975},
    year = {2016},
    pages={758},
    publisher = { Oxford University Press},
    keywords = {dictionary},
    note = {Malware : An inclusive term for any software with a subversive purpose. Malware includes Trojan horses, viruses, worms, adware (def. 2), and spyware.}
}
@book{spyware_definition,
    title = {A Dictionary of Computer Science (7 ed.)},
    author = {Andrew Butterfield, Gerard Ekembe Ngondi, Anne Kerr},
    isbn = {9780199688975},
    year = {2016},
    pages={1141},
    publisher = { Oxford University Press},
    keywords = {dictionary},
    note = {Spyware : Software that sends unauthorized details of a computer’s data or of its use (for example, a log of all keystrokes) to a third party, usually over the Internet. Spyware is often concealed in downloaded web pages and installs itself surreptitiously, either by exploiting security weaknesses or by tricking the user into giving consent, and is difficult to remove. It is a type of malware.}
}
@book{trojan_definition,
    title = {A Dictionary of Computer Science (7 ed.)},
    author = {Andrew Butterfield, Gerard Ekembe Ngondi, Anne Kerr},
    isbn = {9780199688975},
    year = {2016},
    pages={1241},
    publisher = { Oxford University Press},
    keywords = {dictionary},
    note = {Trojan horse (Trojan) : An apparently innocent program designed to circumvent the security features of a system. The usual method of introducing a Trojan horse is by donating a program, or part of a program, to a user of the system whose security is to be breached. The donated code will ostensibly perform a useful function; the recipient will be unaware that the code has other effects, such as writing a copy of his or her username and password into a file whose existence is known only to the donor, and from which the donor will subsequently collect whatever data has been written.
    Trojan horses can be particularly effective when offered to systems staff who can run code in highly privileged modes. Two remedies are effective: no code should be run unless its provenance is absolutely certain; no code should be run with a higher level of privilege than is absolutely essential. See also virus.}
}

@article{ghost_in_the_machine,
    author = {Stafford, Tom and Urbaczewski, Andrew},
    year = {2004},
    month = {01},
    pages = {570},
    title = {Spyware: The Ghost in the Machine.},
    volume = {14},
    journal = {Communications of The Ais - CAIS}
}

@inbook{malware_as_wasting_resource,
    title = {The Investigative Dynamics of the Use of Malware by Law Enforcement},
    author = {Paul Ohm},
    year = {2017},
    pages={313-314},
    publisher = {26 Wm. \& Mary Bill Rts. J. 303 (2017)},
    URL = {https://scholarship.law.wm.edu/wmborj/vol26/iss2/4}
}

@article{malware_steps,
    author = {Jonathan Mayer},
    year = {2017},
    pages = {583--589},
    title = {Government Hacking},
    journal = {127 Yale L.J. (2017)},
    URL = {https://digitalcommons.law.yale.edu/ylj/vol127/iss3/2}
}

@article{cyber_attacks_and_terrorism,
    author = {Albahar, Marwan},
    year = {2019},
    month = {08},
    title = {Cyber Attacks and Terrorism: A Twenty-First Century Conundrum},
    volume = {25},
    journal = {Science and Engineering Ethics},
    doi = {10.1007/s11948-016-9864-0}
}

@inbook{malware_justification_1,
    title = {The Investigative Dynamics of the Use of Malware by Law Enforcement},
    author = {Paul Ohm},
    year = {2017},
    pages={317},
    publisher = {26 Wm. \& Mary Bill Rts. J. 303 (2017)},
    URL = {https://scholarship.law.wm.edu/wmborj/vol26/iss2/4}
}

@article{malware_justification_2,
    author = {Jonathan Mayer},
    year = {2017},
    pages = {570},
    title = {Government Hacking},
    journal = {127 Yale L.J. (2017)},
    URL = {https://digitalcommons.law.yale.edu/ylj/vol127/iss3/2}
}

@article{malware_justification_3,
  author          = {Barbara Indovina},
  title           = {I captatori informatici: una riforma troppo contenuta per uno strumento investigativo così pervasivo},
  journal         = {MediaLaws},
  year            = {2018},
  url             = {http://www.medialaws.eu/rivista/i-captatori-informatici-una-riforma-troppo-contenuta-per-uno-strumento-investigativo-cosi-pervasivo/}
}

@online{encrochat_1,
    author = {Ylva Johansson},
    year = {2020},
    month = {08},
    url = {https://ec.europa.eu/commission/commissioners/2019-2024/johansson/blog/encrochat-shows-europol-irreplaceable-fighting-cross-border-crime_en}
}
@online{encrochat_2,
    author = {Carola Frediani},
    year = {2020},
    month = {07},
    url = {https://www.valigiablu.it/encrochat-maxiretata-criminalita/}
}

@online{abuse_1,
    author = {John Scott-Railton and  Ronald J. Deibert},
    year = {2019},
    month = {03},
    url = {https://www.theglobeandmail.com/opinion/article-governments-are-deploying-spyware-on-killers-drug-lords-and/}
}

@online{abuse_2,
    author = {Stephanie Kirchgaessner and Sam Jones},
    year = {2020},
    month = {07},
    url = {https://www.theguardian.com/world/2020/jul/13/phone-of-top-catalan-politician-targeted-by-government-grade-spyware/}
}

@online{abuse_3,
    title = {Global surveillance disclosures},
    url = {https://en.wikipedia.org/wiki/Global_surveillance_disclosures_(2013%E2%80%93present)}
}

@online{eu_1382/2014,
    title = {Commission Delegated Regulation (EU) No 1382/2014},
    year = {2014},
    url = {https://eur-lex.europa.eu/eli/reg_del/2014/1382/oj/eng}
}
@online{dl_216/2017,
    title = {Decreto Legislativo 29 dicembre 2017, n. 216 },
    url = {https://www.gazzettaufficiale.it/eli/id/2018/01/11/18G00002/sg}
}

@online{dl_28/2020,
    title ={Decreto-Legge 30 aprile 2020, n. 28},
    url = {https://www.gazzettaufficiale.it/eli/id/2020/04/30/20G00046/sg}
}

@online{28/2020_ref,
    title = {La riforma della disciplina delle intercettazioni},
    year = {2020},
    month= {05},
    url= {https://temi.camera.it/leg18/temi/la-riforma-della-disciplina-delle-intercettazioni.html}
}
@online{exodus,
    title = {Più di mille italiani intercettati sul cellulare, per errore, da un hacker di Stato},
    publisher = {Repubblica},
    author = {Alessador Longo},
    url = {https://www.repubblica.it/tecnologia/sicurezza/2019/03/30/news/molte_centinaia_di_italiani_intercettati_su_cellulare_per_errore_da_hacker_di_stato-222865990/}
}
@online{R2D2,
    title = {Here's What You Need To Know About Germany's Government Spyware Scandal},
    publisher = {Businessinsider},
    author = {Adam Taylor},
    url = {https://www.businessinsider.com/germany-spyware-r2d2-2011-10?IR=T}
}

@online{rossano_ferraris,
    title = {Spyware governativi: realtà o leggenda?},
    author = {Rossano Ferraris},
    year = {2011},
    url = {http://www.aipsi.org/images/stories/pubblicazioni/contr/spyware%20governativi.pdf}
}
@article{216/2021_reporting,
    author          = {Barbara Indovina},
    title           = {I captatori informatici: una riforma troppo contenuta per uno strumento investigativo così pervasivo},
    journal         = {MediaLaws},
    year            = {2018},
    pages           = {11},
    url             = {http://www.medialaws.eu/rivista/i-captatori-informatici-una-riforma-troppo-contenuta-per-uno-strumento-investigativo-cosi-pervasivo/}
}

@article{cyber_conflicts,
    author          = {Dorothy E. Denning},
    title           = {The Ethics of Cyber Conflict},
    journal         = {The Handbook of Information and Computer Ethics},
    year            = {2008},
    doi             = {10.1002/9780470281819.ch17}
}

@inbook{cell_site_simulator,
    title = {The Investigative Dynamics of the Use of Malware by Law Enforcement},
    author = {Paul Ohm},
    year = {2017},
    pages={325},
    publisher = {26 Wm. \& Mary Bill Rts. J. 303 (2017)},
    URL = {https://scholarship.law.wm.edu/wmborj/vol26/iss2/4}
}

@article{ht_citizenlab,
    title = {Mapping Hacking Team’s “Untraceable” Spyware},
    year = {2014},
    author = {Bill Marczak, Claudio Guarnieri, Morgan Marquis-Boire and John Scott-Railton},
    publisher = {The Citizen Lab},
    url = {https://citizenlab.ca/2014/02/mapping-hacking-teams-untraceable-spyware/}

}
@online{ht_wikipedia,
    title = {Hacking Team},
    url = {https://en.wikipedia.org/wiki/Hacking_Team}
}

@book{attacco_ai_pirati,
    title = {Attacco ai pirati. L'affondamento di Hacking Time: tutti i segreti del datagate italiano},
    author = {Frediani Carola, Ruffilli Bruno, Russo Massimo and Zanotti Raphael},
    publisher = {La Stampa},
    year = {2015}
}
@article{ht_CCSIRS,
    title ={Il caso ‘Hacking Team’: quis custodiet ipsos custodes? Problematiche e sfide per una più efficiente partnership tra settore privato e agenzie d’intelligence nella cybersecurity},
    author = {Filippo Pierozzi},
    publisher = {Center for Cyber Security and International Relations Studies},
    year = {2015},
    pages = {5},
    url = {https://www.dsps.unifi.it/upload/sub/filippo-pierozzi-hacking-team-paper.pdf}
}

@article{trojan_and_export,
    title = {TROJAN \& CO. Tecnologie di sorveglianza e controllo delle esportazioni},
    author = {CILD. Coalizione Italiana Libertà e Diritti Civili},
    url = {https://cild.eu/wp-content/uploads/2017/06/TrojanCo-IT.pdf}
}

@article{business_ethics,
    title        = {"Ties that bind in business ethics: Social contracts and why they matter"},
    journal      = {"Journal of Banking \& Finance"},
    volume       = {"26"},
    number       = {"9"},
    pages        = {"1853 - 1865"},
    year         = {"2002"},
    issn         = {"0378-4266"},
    doi          = {"https://doi.org/10.1016/S0378-4266(02)00195-4"},
    url          = {"http://www.sciencedirect.com/science/article/pii/S0378426602001954"},
    author       = {"Thomas Donaldson and Thomas W Dunfee"},
}

@InCollection{sep-ethics-business,
	author       =	{Moriarty, Jeffrey},
	title        =	{{Business Ethics}},
	booktitle    =	{The {Stanford} Encyclopedia of Philosophy},
	editor       =	{Edward N. Zalta},
	url          =  {https://plato.stanford.edu/archives/fall2017/entries/ethics-business/},
	year         =	{2017},
	edition      =	{Fall 2017},
	publisher    =	{Metaphysics Research Lab, Stanford University}
}